@BOOK {deitel,
    author    = {H.M. Deitel, P.J. Deitel},
    title     = "Como programar en C/C++",
    publisher = "Prentice Hall Hispanoamericana, S.A.",
    year      = "1995",
    edition   = "second"
}
@BOOK {bjarneC++,
    author    = {Bjarne Stroustrup},
    title     = "The C++ Programming Language",
    publisher = "Pearson Education, Inc.",
    year      = "2013",
    edition   = "fourth"
}
@BOOK {make,
    author    = {Richard M. Stallman, Roland McGrath, Paul D. Smith},
    title     = "GNU Make Manual",
    publisher = "Free Software Foundation",
    year      = "2020",
    edition   = "0.75"
}
@manual{atmega328Datasheet,
  title = "Atmega328P 8-bit AVR Microcontroller with 32K Bytes In-System Programmable Flash",
  organization = "Atmel Corporation",
  number = "710D-AVR-01/15",
  year = "2015"
}
@book{CProgramingMicro,
  title = "C Programming For Microcontrollers",
  author = "Joe Pardue",
  publisher = "Smiley Micros",
  year = "2005",
  isbn = "0-9766822-0-6",
}
@booklet{ControlPerifericosPaina,
  title = {Unidad \"Control de periféricos\" Comunicación Serie entre PC y Placa Arduino"},
  author = "Gonzalo Perez Paina",
  year = "2022"
}
@Misc{RepositorioGit,
  author =   {De Robles, Giorgis, Luna},
  title =    {Repositorio de GitHub del proyecto},
  howpublished = {\url{https://github.com/Carpincho99/ProyectoInfo2}},
  year =     2022
}
